\begin{thebibliography}{8}

@book{Illinois,
  title={Ethical Issues of Information Technology},
  author={Wengert, Robert G.},
  publisher={University of Illinois, USA},
  year={2007}
}

@article{Tavani,
  title={Ethics and technology: Ethical issues in an age of information and communication technology},
  author={Tavani, Herman T},
  year={2003}
}

@book{Reynolds,
  title={Ethics in information technology},
  author={Reynolds, George},
  year={2011},
  publisher={Cengage learning}
}

@book{Schneider,
  title={Trust in cyberspace},
  author={Schneider, Fred B and Committee on Information Systems Trustworthiness},
  year={1999},
  publisher={National Academy Press Washington, DC:}
}

@book{Legal_issues,
  title={Legal issues in information security},
  author={Grama, Joanna Lyn and others},
  year={2014},
  publisher={Jones \& Bartlett Publishers}
}

@article{OECD,
  title={Beyond the OECD guidelines: Protection of Privacy and Transborder Flows of Personal Data},
  author={Clarke, Roger},
  journal={Canberra, Australia: Xamax Consultancy Pty Ltd. Retrieved August},
  pages={2009},
  year={2000}
}

@article{Property,
  title={Property, intellectual property, and free riding},
  author={Lemley, Mark A},
  journal={Tex L. Rev.},
  volume={83},
  pages={1031},
  year={2004},
  publisher={HeinOnline}
}

@article{Copyright,
  title={Copyright or fair use},
  author={DuBoff, Joel},
  journal={TechTrends},
  number={2},
  pages={13--14},
  year={2007},
  publisher={Springer}
}
\end{thebibliography}
